<?xml version="1.0" encoding="UTF-8"?><collection xmlns="http://www.loc.gov/MARC21/slim"><record><leader>00563nam--2200169-i-4500</leader><controlfield tag="001">000009199</controlfield><controlfield tag="002">20161230</controlfield><controlfield tag="005">20161230201028</controlfield><controlfield tag="008">060222s1000------------r-----000-0-eng-d</controlfield><datafield ind1=" " ind2=" " tag="040"><subfield code="a">IFIN-HH</subfield></datafield><datafield ind1=" " ind2=" " tag="080"><subfield code="a">539.2:539.L2.04:539.L24.L43:535.34:535.376</subfield></datafield><datafield ind1="1" ind2=" " tag="100"><subfield code="a">Chandra,Ashoka</subfield></datafield><datafield ind1="1" ind2="0" tag="245"><subfield code="a">Impurity effects on the ionization states of f-aggregate color centers in sodium fluoride</subfield><subfield code="b">Deissertation</subfield><subfield code="c">Ashoka chandra</subfield></datafield><datafield ind1=" " ind2=" " tag="260"><subfield code="a">Ann Arbor, Michigan</subfield><subfield code="b">University Microfilm, Inc</subfield><subfield code="c">1968</subfield></datafield><datafield ind1=" " ind2=" " tag="300"><subfield code="a">XIII+201 P</subfield></datafield><datafield ind1=" " ind2=" " tag="852"><subfield code="a">32293</subfield><subfield code="c">539.2</subfield></datafield><datafield ind1=" " ind2=" " tag="CAT"><subfield code="a">Sys</subfield><subfield code="c">20121016</subfield><subfield code="h">172322</subfield></datafield></record></collection>